<?xml version="1.0" encoding="UTF-8"?><collection xmlns="http://www.loc.gov/MARC21/slim"><record><leader>00594nam--2200181-i-4500</leader><controlfield tag="001">000029459</controlfield><controlfield tag="002">20161230</controlfield><controlfield tag="005">20161230201037</controlfield><controlfield tag="008">060222s1000------------r-----000-0-fre-d</controlfield><datafield ind1=" " ind2=" " tag="040"><subfield code="a">IFIN-HH</subfield></datafield><datafield ind1=" " ind2=" " tag="041"><subfield code="a">fre</subfield></datafield><datafield ind1=" " ind2=" " tag="080"><subfield code="a">539.125.523.5(043)</subfield></datafield><datafield ind1="1" ind2=" " tag="100"><subfield code="a">Lorain, Henri</subfield></datafield><datafield ind1="1" ind2="0" tag="245"><subfield code="a">Modeles synthetiques de ralentissement des neutrons et methode cn. application a l`interpretation des experiences exponentielles rapides</subfield><subfield code="b">These</subfield><subfield code="c">Henri lorain</subfield></datafield><datafield ind1=" " ind2=" " tag="260"><subfield code="a">Paris-sud</subfield><subfield code="b">Universite De Paris-sud, Centre D`Orsay</subfield><subfield code="c">1972</subfield></datafield><datafield ind1=" " ind2=" " tag="300"><subfield code="a">255P</subfield></datafield><datafield ind1=" " ind2=" " tag="852"><subfield code="a">40330</subfield><subfield code="c">539.12</subfield></datafield><datafield ind1=" " ind2=" " tag="CAT"><subfield code="a">Sys</subfield><subfield code="c">20111123</subfield><subfield code="h">164344</subfield></datafield></record></collection>